%% This BibTeX bibliography file was created using BibDesk.
%% http://bibdesk.sourceforge.net/

%% Created for Joel Liew at 2016-04-05 12:00:51 +0800 


%% Saved with string encoding Unicode (UTF-8) 



@article{geweke1989bayesian,
	Author = {Geweke, John},
	Date-Added = {2016-04-05 04:00:45 +0000},
	Date-Modified = {2016-04-05 04:00:45 +0000},
	Journal = {Econometrica: Journal of the Econometric Society},
	Pages = {1317--1339},
	Publisher = {JSTOR},
	Title = {Bayesian inference in econometric models using Monte Carlo integration},
	Year = {1989}}

@article{carr2004time,
	Author = {Carr, Peter and Wu, Liuren},
	Date-Added = {2016-04-05 03:38:43 +0000},
	Date-Modified = {2016-04-05 03:38:43 +0000},
	Journal = {Journal of Financial economics},
	Number = {1},
	Pages = {113--141},
	Publisher = {Elsevier},
	Title = {Time-changed L{\'e}vy processes and option pricing},
	Volume = {71},
	Year = {2004}}

@book{cont2004financial,
	Author = {Cont, Rama and Tankov, Peter},
	Date-Added = {2016-04-05 03:34:08 +0000},
	Date-Modified = {2016-04-05 03:34:08 +0000},
	Publisher = {Chapman \&amp; Hall},
	Title = {Financial modelling with jump processes},
	Year = {2004}}

@article{madan1998variance,
	Author = {Madan, Dilip B and Carr, Peter P and Chang, Eric C},
	Date-Added = {2016-04-04 20:44:42 +0000},
	Date-Modified = {2016-04-04 20:44:42 +0000},
	Journal = {European finance review},
	Number = {1},
	Pages = {79--105},
	Publisher = {Kluwer Academic Publishers},
	Title = {The variance gamma process and option pricing},
	Volume = {2},
	Year = {1998}}

@url{ranlib,
	Author = {RANLIB},
	Date-Added = {2016-04-04 20:33:45 +0000},
	Date-Modified = {2016-04-04 20:41:28 +0000},
	Lastchecked = {5 April 2016},
	Title = {General Random Number Generators (RNG's)},
	Urldate = {3 April 2013}}

@book{smith2013sequential,
	Author = {Smith, Adrian and Doucet, Arnaud and de Freitas, Nando and Gordon, Neil},
	Date-Added = {2016-04-04 20:18:27 +0000},
	Date-Modified = {2016-04-04 20:18:27 +0000},
	Publisher = {Springer Science \&amp; Business Media},
	Title = {Sequential Monte Carlo methods in practice},
	Year = {2013}}

@book{press1996numerical,
	Author = {Press, William H and Teukolsky, Saul A and Vetterling, William T and Flannery, Brian P},
	Date-Added = {2016-04-04 20:16:48 +0000},
	Date-Modified = {2016-04-04 20:16:48 +0000},
	Publisher = {Citeseer},
	Title = {Numerical recipes in C},
	Volume = {2},
	Year = {1996}}

@article{johannes2002mcmc,
	Author = {Johannes, Michael and Polson, Nicholas},
	Date-Added = {2016-04-04 20:15:47 +0000},
	Date-Modified = {2016-04-04 20:15:47 +0000},
	Journal = {The Handbook of Financial Econometrics},
	Publisher = {Citeseer},
	Title = {MCMC methods for financial econometrics},
	Volume = {65},
	Year = {2002}}

@article{li2008bayesian,
	Author = {Li, Haitao and Wells, Martin T and Cindy, L Yu},
	Date-Added = {2016-04-04 20:12:24 +0000},
	Date-Modified = {2016-04-04 20:12:24 +0000},
	Journal = {Review of Financial Studies},
	Number = {5},
	Pages = {2345--2378},
	Publisher = {Soc Financial Studies},
	Title = {A Bayesian analysis of return dynamics with L{\'e}vy jumps},
	Volume = {21},
	Year = {2008}}

@article{del2006sequential,
	Author = {Del Moral, Pierre and Doucet, Arnaud and Jasra, Ajay},
	Date-Added = {2016-04-04 20:11:45 +0000},
	Date-Modified = {2016-04-04 20:11:45 +0000},
	Journal = {Journal of the Royal Statistical Society: Series B (Statistical Methodology)},
	Number = {3},
	Pages = {411--436},
	Publisher = {Wiley Online Library},
	Title = {Sequential monte carlo samplers},
	Volume = {68},
	Year = {2006}}

@article{andrieu2006ergodicity,
	Author = {Andrieu, Christophe and Moulines, {\'E}ric and others},
	Date-Added = {2016-04-04 20:11:08 +0000},
	Date-Modified = {2016-04-04 20:11:08 +0000},
	Journal = {The Annals of Applied Probability},
	Number = {3},
	Pages = {1462--1505},
	Publisher = {Institute of Mathematical Statistics},
	Title = {On the ergodicity properties of some adaptive MCMC algorithms},
	Volume = {16},
	Year = {2006}}

@incollection{doucet2001introduction,
	Author = {Doucet, Arnaud and De Freitas, Nando and Gordon, Neil},
	Booktitle = {Sequential Monte Carlo methods in practice},
	Date-Added = {2016-04-04 20:10:32 +0000},
	Date-Modified = {2016-04-04 20:10:32 +0000},
	Pages = {3--14},
	Publisher = {Springer},
	Title = {An introduction to sequential Monte Carlo methods},
	Year = {2001}}

@book{robert2009introducing,
	Author = {Robert, Christian and Casella, George},
	Date-Added = {2016-04-04 20:08:54 +0000},
	Date-Modified = {2016-04-04 20:08:54 +0000},
	Publisher = {Springer Science \&amp; Business Media},
	Title = {Introducing Monte Carlo Methods with R},
	Year = {2009}}

@article{jasra2011inference,
	Author = {Jasra, Ajay and Stephens, David A and Doucet, Arnaud and Tsagaris, Theodoros},
	Date-Added = {2016-04-04 19:48:31 +0000},
	Date-Modified = {2016-04-04 19:55:15 +0000},
	Journal = {Scandinavian Journal of Statistics},
	Number = {1},
	Pages = {1--22},
	Publisher = {Wiley Online Library},
	Read = {0},
	Title = {Inference for L{\'e}vy-Driven Stochastic Volatility Models via Adaptive Sequential Monte Carlo},
	Volume = {38},
	Year = {2011}}
